@book{sadovskii2006diagrammatics,
  title={Diagrammatics: lectures on selected problems in condensed matter theory},
  author={Sadovskii, Michael V},
  year={2006},
  publisher={World Scientific}
}
@book{mahan2013many,
  title={Many-particle physics},
  author={Mahan, Gerald D},
  year={2013},
  publisher={Springer Science \& Business Media}
}
@book{abrikosov2012methods,
  title={Methods of quantum field theory in statistical physics},
  author={Abrikosov, Alexei Alexeevich and Gorkov, Lev Petrovich and Dzyaloshinski, Igor Ekhielevich},
  year={2012},
  publisher={Courier Corporation}
}
@book{lifshitz2013statistical,
  title={Statistical physics: theory of the condensed state},
  author={Lifshitz, Evgenii Mikhailovich and Pitaevskii, Lev Petrovich},
  volume={9},
  year={2013},
  publisher={Elsevier}
}
@book{李正中2002固体理论,
  title={固体理论},
  author={李正中 and others},
  year={2002},
  publisher={高等敎育出版社}
}
@book{phillips2012advanced,
  title={Advanced solid state physics},
  author={Phillips, Philip},
  year={2012},
  publisher={Cambridge University Press}
}
@book{rammer2007quantum,
  title={Quantum field theory of non-equilibrium states},
  author={Rammer, J{\o}rgen},
  year={2007},
  publisher={Cambridge University Press}
}
@book{nolting2009fundamentals,
  title={Fundamentals of Many-body Physics},
  author={Nolting, Wolfgang},
  year={2009},
  publisher={Springer}
}
@book{altland2010condensed,
  title={Condensed matter field theory},
  author={Altland, Alexander and Simons, Ben D},
  year={2010},
  publisher={Cambridge University Press}
}
@book{coleman2015introduction,
  title={Introduction to many-body physics},
  author={Coleman, Piers},
  year={2015},
  publisher={Cambridge University Press}
}
%%% 凝聚态场论/量子多体理论 %%%



@book{haykin2009neural,
  title={Neural networks and learning machines},
  author={Haykin, Simon S},
  volume={3},
  year={2009},
  publisher={Pearson Upper Saddle River, NJ, USA:}
}
@book{peskin1995introduction,
  title={An introduction to quantum field theory},
  author={Peskin, Michael Edward},
  year={1995},
  publisher={Westview press}
}
@article{Wilson-Renormalization&Critical,
  title={The renormalization group and critical phenomena},
  author={Wilson, Kenneth G},
  journal={Reviews of Modern Physics},
  volume={55},
  number={3},
  pages={583},
  year={1983},
  publisher={APS}
}
@book{goodfellow2016deep,
  title={Deep learning},
  author={Goodfellow, Ian and Bengio, Yoshua and Courville, Aaron},
  year={2016},
  publisher={MIT press}
}
@article{carrasquilla2017machine,
  title={Machine learning phases of matter},
  author={Carrasquilla, Juan and Melko, Roger G},
  journal={Nature Physics},
  year={2017},
  publisher={Nature Research}
}
@book{nakahara2003geometry,
  title={Geometry, topology and physics},
  author={Nakahara, Mikio},
  year={2003},
  publisher={CRC Press}
}
@book{phillips2012advanced,
  title={Advanced solid state physics},
  author={Phillips, Philip},
  year={2012},
  publisher={Cambridge University Press}
}
@article{tong2016lectures,
  title={Lectures on the quantum Hall effect},
  author={Tong, David},
  journal={arXiv preprint arXiv:1606.06687},
  year={2016}
}
@article{marino2014lectures,
  title={Lectures on non-perturbative effects in large N gauge theories, matrix models and strings},
  author={Marino, Marcos},
  journal={Fortschritte der Physik},
  volume={62},
  number={5-6},
  pages={455--540},
  year={2014},
  publisher={Wiley Online Library}
}
@article{kong2014anyon,
  title={Anyon condensation and tensor categories},
  author={Kong, Liang},
  journal={Nuclear Physics B},
  volume={886},
  pages={436--482},
  year={2014},
  publisher={Elsevier}
}
@book{kardar2007particle,
  title={Statistical physics of particles},
  author={Kardar, Mehran},
  year={2007},
  publisher={Cambridge University Press}
}
@article{why-deep&cheap,
  title={Why does deep and cheap learning work so well?},
  author={Lin, Henry W and Tegmark, Max and Rolnick, David},
  journal={Journal of Statistical Physics},
  volume={168},
  number={6},
  pages={1223--1247},
  year={2017},
  publisher={Springer}
}
@article{RG-and-RBM,
  title={An exact mapping between the variational renormalization group and deep learning},
  author={Mehta, Pankaj and Schwab, David J},
  journal={arXiv preprint arXiv:1410.3831},
  year={2014}
}
@article{top,
  title={Exact machine learning topological states},
  author={Deng, Dong-Ling and Li, Xiaopeng and Sarma, S Das},
  journal={arXiv preprint arXiv:1609.09060},
  year={2016}
}
@article{tensor-network,
  title={Supervised learning with quantum-inspired tensor networks},
  author={Stoudenmire, E Miles and Schwab, David J},
  journal={arXiv preprint arXiv:1605.05775},
  year={2016}
}
@book{Kardar-fields,
  title={Statistical physics of fields},
  author={Kardar, Mehran},
  year={2007},
  publisher={Cambridge University Press}
}
@book{Wen-QFT,
  title={Quantum field theory of many-body systems: from the origin of sound to an origin of light and electrons},
  author={Wen, Xiao-Gang},
  year={2004},
  publisher={Oxford University Press on Demand}
}
@book{Huichuan-Shen-统计力学,
  title={Statistical Mechanics},
  author={Shen, Hui-Chuan},
  year={2011},
  publisher={USTC Press}
}
@book{JunJie-Shi-固体量子场论,
  title={Solid State Quantum Fields Theory},
  author={Shi, Jun-Jie and Liu, Zi-Xin and Liu, Yu-Fang},
  year={2015},
  publisher={Science Press}
}
@article{Kitaev-topological entanglement entropy,
  title={Topological entanglement entropy},
  author={Kitaev, Alexei and Preskill, John},
  journal={Physical review letters},
  volume={96},
  number={11},
  pages={110404},
  year={2006},
  publisher={APS}
}
@book{Francesco-CFT,
  title={Conformal field theory},
  author={Francesco, Philippe and Mathieu, Pierre and S{\'e}n{\'e}chal, David},
  year={2012},
  publisher={Springer Science \& Business Media}
}